<collection xmlns="http://www.loc.gov/MARC21/slim">
<record>
  <leader>01572nam a2200361 a 4500</leader>
  <controlfield tag="001">3183107</controlfield>
  <controlfield tag="007">he amb---bbcp</controlfield>
  <controlfield tag="007">he bmb---baap</controlfield>
  <controlfield tag="008">861007s1890    dcua    b     001 0 eng d</controlfield>
  <datafield tag="020" ind1=" " ind2=" ">
    <subfield code="a">0665291248</subfield>
  </datafield>
  <datafield tag="035" ind1=" " ind2=" ">
    <subfield code="a">ocm15292914</subfield>
  </datafield>
  <datafield tag="040" ind1=" " ind2=" ">
    <subfield code="a">CaOOCIHM</subfield>
    <subfield code="b">eng</subfield>
    <subfield code="c">CaOOCIHM</subfield>
    <subfield code="d">AEU</subfield>
  </datafield>
  <datafield tag="082" ind1="0" ind2=" ">
    <subfield code="a">599.97</subfield>
    <subfield code="2">19</subfield>
  </datafield>
  <datafield tag="090" ind1=" " ind2=" ">
    <subfield code="a">FC 02 0203 no. 29124</subfield>
    <subfield code="b">AEU</subfield>
  </datafield>
  <datafield tag="100" ind1="1" ind2=" ">
    <subfield code="a">Merriam, C. Hart</subfield>
    <subfield code="q">(Clinton Hart),</subfield>
    <subfield code="d">1855-1942.</subfield>
  </datafield>
  <datafield tag="245" ind1="1" ind2="0">
    <subfield code="a">Descriptions of twenty-six new species of North American mammals</subfield>
    <subfield code="h">[microform] /</subfield>
    <subfield code="c">by C. Hart Merriam.</subfield>
  </datafield>
  <datafield tag="260" ind1=" " ind2=" ">
    <subfield code="a">Washington :</subfield>
    <subfield code="b">G.P.O.,</subfield>
    <subfield code="c">1890.</subfield>
  </datafield>
  <datafield tag="300" ind1=" " ind2=" ">
    <subfield code="a">1 microfiche (41 fr.) :</subfield>
    <subfield code="b">ill.</subfield>
  </datafield>
  <datafield tag="490" ind1="1" ind2=" ">
    <subfield code="a">CIHM/ICMH Microfiche series = CIHM/ICMH collection de microfiches ;</subfield>
    <subfield code="v">no. 29124</subfield>
  </datafield>
  <datafield tag="500" ind1=" " ind2=" ">
    <subfield code="a">Original issued in series: North American fauna ; no. 4.</subfield>
  </datafield>
  <datafield tag="500" ind1=" " ind2=" ">
    <subfield code="a">&quot;Published by authority of the Secretary of Agriculture (actual date of publication, October 8, 1890).&quot;</subfield>
  </datafield>
  <datafield tag="500" ind1=" " ind2=" ">
    <subfield code="a">At head of title: U.S. Department of Agriculture, Division of Ornithology and Mammalogy.</subfield>
  </datafield>
  <datafield tag="500" ind1=" " ind2=" ">
    <subfield code="a">Tables.</subfield>
  </datafield>
  <datafield tag="504" ind1=" " ind2=" ">
    <subfield code="a">Includes index.</subfield>
  </datafield>
  <datafield tag="533" ind1=" " ind2=" ">
    <subfield code="a">Filmed from a copy of the original publication held by the University of Alberta, Edmonton.</subfield>
    <subfield code="b">Ottawa :</subfield>
    <subfield code="c">Canadian Institute for Historical Microreproductions,</subfield>
    <subfield code="d">1985.</subfield>
  </datafield>
  <datafield tag="534" ind1=" " ind2=" ">
    <subfield code="e">60 p., 3 leaves of plates : ill. ; 23 cm.</subfield>
  </datafield>
  <datafield tag="596" ind1=" " ind2=" ">
    <subfield code="a">43</subfield>
  </datafield>
  <datafield tag="650" ind1=" " ind2="0">
    <subfield code="a">Mammals</subfield>
    <subfield code="z">North America.</subfield>
  </datafield>
  <datafield tag="650" ind1=" " ind2="6">
    <subfield code="a">Mammifères</subfield>
    <subfield code="z">Amérique du N</subfield>
  </datafield>
<!-- No separator at end of field length=36 -->
  <datafield tag="830" ind1="r" ind2="d">
  </datafield>
<!-- Separator but not at end of field length=45 -->
  <datafield tag="949" ind1="1" ind2="2">
  </datafield>
<!-- Separator but not at end of field length=22 -->
  <datafield tag="016" ind1="P" ind2="R">
  </datafield>
<!-- Separator but not at end of field length=15 -->
  <datafield tag="926" ind1="4" ind2="1">
  </datafield>
<!-- Separator but not at end of field length=58 -->
</record>
</collection>
